@article{ksvd,
  title={Image denoising via sparse and redundant representations over learned dictionaries},
  author={Elad, Michael and Aharon, Michal},
  journal={Image Processing, IEEE Transactions on},
  volume={15},
  number={12},
  pages={3736--3745},
  year={2006},
  publisher={IEEE}
}

@article{wavelet,
    author =       {R.R. Coifman and D.L. Donoho},
    title =        {Translation-Invariant De-Noising},
journal =      "In Wavelets and Statistics, Lecture Notes in Statistics. New York",
    pages =        "125-150",
    year =         "1995"
}
@misc{who,
    author = {World Health Organization},
    title = {Chapter 1 - Burden: mortality, morbidity and risk factors},
    howpublished = "\url{http://www.who.int/nmh/publications/ncd_report_chapter1.pdf?ua=1}",
    note = "[Online; accessed 2015-29-12]",
    year = 2010
}
@online{thresholding,
  author = {Pavel Cízek, Wolfgang Härdle, Rafal Weron},
  title = {Statistical Tools for Finance and Insurance},
	howpublished = "\url{http://sfb649.wiwi.hu-berlin.de/fedc_homepage/xplore/tutorials/xlghtmlnode93.html}",
    urldate = {01-01-2016},
    year = 2005
}
@online{udg,
  author = {Guillaume Lemaitre, Joan Massich},
  title = {Initiative for Collaborative Computer Vision Benchmarking},
	howpublished = "\url{http://visor.udg.edu/dataset/}",
    urldate = {07-11-2015},
}
@online{iowa,
  author = {Kimberly A Glynn, Milan Sonka},
  title = {Iowa Reference Algorithms: Human and Murine OCT Retinal Layer Analysis and Display},
	howpublished = "\url{http://www.iibi.uiowa.edu/}",
    urldate = {23-12-2015},
    year = 2007
}
@article{nlm,
    author =       {A. Buades and B. Coll and J. M. Morel},
    title =        {A non-local algorithm for image denoising},
    journal =      "Multiscale Model. Simul.",
	volume =       "4",
    number =       "2",
    pages =        "490-530",
    year =         "2005"
}
@article{obnlm,
    author =       {P. Coupe and P. Hellier and C. Kervrann and C.Barillot},
    title =        {Nonlocal Means-Based Speckle Filtering for Ultrasound Images},
journal =      "IEEE Trans. Image Proc.",
	volume =        "18", 
    number =        "3",
    year =         "2009"
}
@article{bayesian,
    author =     {C. Kervrann and J. Boulanger and P. Coupé},
    title =      {Bayesian non-local means
filter, image redundancy and adaptive dictionaries for noise removal,},
	journal =	"Proc. Conf. Scale-Space and Variational Methods, Ischia, Italy",
    pages = 	"520-532",
    year = 		"2007"
}
@article{texture,
    author =       {A. Efros and T. Leung},
    title =        {Texture synthesis by non parametric sampling},
journal =      "Proc. Int. Conf. Computer Vision",
	volume = "2",
	pages = 	   "1033-1038",
    year =         "1999"
}
@article{gabor,
    author =     {M. Lindenbaum and M. Fischer and A. Bruckstein},
    title =      {On gabor contribution to image enhancement},
	journal =	"Pattern Recognition",
    volume = "27",
	pages = 	"1-8",
    year = 		"1994"
}
@article{anisotropic,
    author =     {P. Perona and J. Malik},
    title =      {Scale space and edge detection using anisotropic diffusion},
	journal =	"IEEE Trans. Patt. Anal. Mach. Intell.",
    volume =    "12",
	pages = 	"629-639",
    year = 		"1990"
}
@book{neighbour,
    author =     {L. Yaroslavsky},
    title =      {Digital Picture Processing - An Introduction},		
    Publisher=	"Springer Verlag",
    year = 		"1985"
}
@article{variation,
    author =     {L. Rudin and S. Osher and E. Fatemi},
    title =      {Nonlinear total variation based noise removal algorithms},
	journal =	"Physica D.",
    volume =    "60",
	pages = 	"259-268",
    year = 		"1992"
}
@article{soft,
    author =     {D. Donoho},
    title =      {De-noising by soft-thresholding},
	journal =	"IEEE Transactions on Information Theory",
    volume =    "41",
	pages = 	"613-627",
    year = 		"1995"
}
@inproceedings{xu2015patch,
  title={Patch Group Based Nonlocal Self-Similarity Prior Learning for Image Denoising},
  author={Xu, Jun and Zhang, Lei and Zuo, Wangmeng and Zhang, David and Feng, Xiangchu},
  booktitle={Proceedings of the IEEE International Conference on Computer Vision},
  pages={244--252},
  year={2015}
}
@inproceedings{buades2005,
  title={A non-local algorithm for image denoising},
  author={Buades, Antoni and Coll, Bartomeu and Morel, Jean-Michel},
  booktitle={Computer Vision and Pattern Recognition, 2005. CVPR 2005. IEEE Computer Society Conference on},
  volume={2},
  pages={60--65},
  year={2005},
  organization={IEEE}
}
@inproceedings{gu2014weighted,
  title={Weighted nuclear norm minimization with application to image denoising},
  author={Gu, Shuhang and Zhang, Lei and Zuo, Wangmeng and Feng, Xiangchu},
  booktitle={Computer Vision and Pattern Recognition (CVPR), 2014 IEEE Conference on},
  pages={2862--2869},
  year={2014},
  organization={IEEE}
}
@article{dabov2007image,
  title={Image denoising by sparse 3-D transform-domain collaborative filtering},
  author={Dabov, Kostadin and Foi, Alessandro and Katkovnik, Vladimir and Egiazarian, Karen},
  journal={Image Processing, IEEE Transactions on},
  volume={16},
  number={8},
  pages={2080--2095},
  year={2007},
  publisher={IEEE}
}
@article{fergus2006removing,
  title={Removing camera shake from a single photograph},
  author={Fergus, Rob and Singh, Barun and Hertzmann, Aaron and Roweis, Sam T and Freeman, William T},
  journal={ACM Transactions on Graphics (TOG)},
  volume={25},
  number={3},
  pages={787--794},
  year={2006},
  publisher={ACM}
}
@book{klebanov2003heavy,
  title={Heavy tailed distributions},
  author={Klebanov, Lev Borisovi{\v{c}}},
  year={2003},
  publisher={Matfyzpress}
}
@article{dempster1977maximum,
  title={Maximum likelihood from incomplete data via the EM algorithm},
  author={Dempster, Arthur P and Laird, Nan M and Rubin, Donald B},
  journal={Journal of the royal statistical society. Series B (methodological)},
  pages={1--38},
  year={1977},
  publisher={JSTOR}
}
@article{lee1980digital,
  title={Digital image enhancement and noise filtering by use of local statistics},
  author={Lee, Jong-Sen},
  journal={Pattern Analysis and Machine Intelligence, IEEE Transactions on},
  number={2},
  pages={165--168},
  year={1980},
  publisher={IEEE}
}