@article{ksvd,
    author =       {M. Elad and M. Aharon},
    title =        {Image Denoising Via Sparse and Redundant Representation Over Learned Dictionaries},
journal =      "IEEE Transactions on Image Processing, Vol. 15",
    year =         "2006"
}
@article{wavelet,
    author =       {R.R. Coifman and D.L. Donoho},
    title =        {Translation-Invariant De-Noising},
journal =      "In Wavelets and Statistics, Lecture Notes in Statistics. New York",
    pages =        "125-150",
    year =         "1995"
}
@misc{who,
    author = {World Health Organization},
    title = {Chapter 1 – Burden: mortality, morbidity and risk factors},
    howpublished = "\url{http://www.who.int/nmh/publications/ncd_report_chapter1.pdf?ua=1}",
    note = "[Online; accessed 2015-29-12]",
    year = 2010
}

@online{thresholding,
  author = {Pavel Cízek, Wolfgang Härdle, Rafal Weron},
  title = {Statistical Tools for Finance and Insurance},
	howpublished = "\url{http://sfb649.wiwi.hu-berlin.de/fedc_homepage/xplore/tutorials/xlghtmlnode93.html}",
    urldate = {01-01-2016},
    year = 2005
}

@online{udg,
  author = {Guillaume Lemaitre, Joan Massich},
  title = {Initiative for Collaborative Computer Vision Benchmarking},
	howpublished = "\url{http://visor.udg.edu/dataset/}",
    urldate = {07-11-2015},
}
@online{iowa,
  author = {Kimberly A Glynn, Milan Sonka},
  title = {Iowa Reference Algorithms: Human and Murine OCT Retinal Layer Analysis and Display},
	howpublished = "\url{http://www.iibi.uiowa.edu/}",
    urldate = {23-12-2015},
    year = 2007
}